@misc{dsb17,
  author = {Booz Allen},
  title = {{Data Science Bowl 2017}},
  howpublished = "\url{https://www.kaggle.com/c/data-science-bowl-2017}",
  year = {2017}
}

@inproceedings{he2016deep,
  title={Deep residual learning for image recognition},
  author={He, Kaiming and Zhang, Xiangyu and Ren, Shaoqing and Sun, Jian},
  booktitle={Proceedings of the IEEE Conference on Computer Vision and Pattern Recognition},
  pages={770--778},
  year={2016}
}

@article{stewart2014world,
  title={World cancer report 2014},
  author={Stewart, BWKP and Wild, Christopher P and others},
  year={2014}
}

@inproceedings{deng2009imagenet,
  title={Imagenet: A large-scale hierarchical image database},
  author={Deng, Jia and Dong, Wei and Socher, Richard and Li, Li-Jia and Li, Kai and Fei-Fei, Li},
  booktitle={Computer Vision and Pattern Recognition, 2009. CVPR 2009. IEEE Conference on},
  pages={248--255},
  year={2009},
  organization={IEEE}
}

@inproceedings{lin2014microsoft,
  title={Microsoft coco: Common objects in context},
  author={Lin, Tsung-Yi and Maire, Michael and Belongie, Serge and Hays, James and Perona, Pietro and Ramanan, Deva and Doll{\'a}r, Piotr and Zitnick, C Lawrence},
  booktitle={European Conference on Computer Vision},
  pages={740--755},
  year={2014},
  organization={Springer}
}

@article{setio2016validation,
  title={Validation, comparison, and combination of algorithms for automatic detection of pulmonary nodules in computed tomography images: the LUNA16 challenge},
  author={Setio, Arnaud Arindra Adiyoso and Traverso, Alberto and de Bel, Thomas and Berens, Moira SN and Bogaard, Cas van den and Cerello, Piergiorgio and Chen, Hao and Dou, Qi and Fantacci, Maria Evelina and Geurts, Bram and others},
  journal={arXiv preprint arXiv:1612.08012},
  year={2016}
}

@inproceedings{long2015fully,
  title={Fully convolutional networks for semantic segmentation},
  author={Long, Jonathan and Shelhamer, Evan and Darrell, Trevor},
  booktitle={Proceedings of the IEEE Conference on Computer Vision and Pattern Recognition},
  pages={3431--3440},
  year={2015}
}

@inproceedings{ronneberger2015u,
  title={U-net: Convolutional networks for biomedical image segmentation},
  author={Ronneberger, Olaf and Fischer, Philipp and Brox, Thomas},
  booktitle={International Conference on Medical Image Computing and Computer-Assisted Intervention},
  pages={234--241},
  year={2015},
  organization={Springer}
}

@book{Goodfellow-et-al-2016,
    title={Deep Learning},
    author={Ian Goodfellow and Yoshua Bengio and Aaron Courville},
    publisher={MIT Press},
    note={\url{http://www.deeplearningbook.org}},
    year={2016}
}

@article{ji20133d,
  title={3D convolutional neural networks for human action recognition},
  author={Ji, Shuiwang and Xu, Wei and Yang, Ming and Yu, Kai},
  journal={IEEE transactions on pattern analysis and machine intelligence},
  volume={35},
  number={1},
  pages={221--231},
  year={2013},
  publisher={IEEE}
}

@misc{spline_interpolation,
  title = {{Spline Interpolation}},
  howpublished = "\url{https://en.wikipedia.org/wiki/Spline_interpolation}",
  year = {2017}
}

@misc{erosion_morphology,
  title = {Erosion (morphology)},
  howpublished = "\url{https://en.wikipedia.org/wiki/Erosion_(morphology)}",
  year = {2017}
}

@misc{full_preprocssing_tutorial,
  author = {Guido Zuidhof},
  title = {{Full Preprocessing Tutorial}},
  howpublished = "\url{https://www.kaggle.com/gzuidhof/full-preprocessing-tutorial}",
  year = {2017}
}

@misc{no7,
  author = {Niklas KÃ¶hler},
  title = {{7th Place short overview}},
  howpublished = "\url{https://www.kaggle.com/c/data-science-bowl-2017/discussion/31576}",
  year = {2017}
}


@article{abadi2016tensorflow,
  title={Tensorflow: Large-scale machine learning on heterogeneous distributed systems},
  author={Abadi, Mart{\'\i}n and Agarwal, Ashish and Barham, Paul and Brevdo, Eugene and Chen, Zhifeng and Citro, Craig and Corrado, Greg S and Davis, Andy and Dean, Jeffrey and Devin, Matthieu and others},
  journal={arXiv preprint arXiv:1603.04467},
  year={2016}
}

@article{kingma2014adam,
  title={Adam: A method for stochastic optimization},
  author={Kingma, Diederik and Ba, Jimmy},
  journal={arXiv preprint arXiv:1412.6980},
  year={2014}
}

@inproceedings{krizhevsky2012imagenet,
  title={Imagenet classification with deep convolutional neural networks},
  author={Krizhevsky, Alex and Sutskever, Ilya and Hinton, Geoffrey E},
  booktitle={Advances in neural information processing systems},
  pages={1097--1105},
  year={2012}
}

@article{ioffe2015batch,
  title={Batch normalization: Accelerating deep network training by reducing internal covariate shift},
  author={Ioffe, Sergey and Szegedy, Christian},
  journal={arXiv preprint arXiv:1502.03167},
  year={2015}
}

@article{simonyan2014very,
  title={Very deep convolutional networks for large-scale image recognition},
  author={Simonyan, Karen and Zisserman, Andrew},
  journal={arXiv preprint arXiv:1409.1556},
  year={2014}
}

@inproceedings{szegedy2015going,
  title={Going deeper with convolutions},
  author={Szegedy, Christian and Liu, Wei and Jia, Yangqing and Sermanet, Pierre and Reed, Scott and Anguelov, Dragomir and Erhan, Dumitru and Vanhoucke, Vincent and Rabinovich, Andrew},
  booktitle={Proceedings of the IEEE Conference on Computer Vision and Pattern Recognition},
  pages={1--9},
  year={2015}
}